 
% ksiazka
@Book{bib:ksiazka,
  Title                    = {Tytuł książki},
  Author                   = {Imię Nazwisko and Nazwisko, Imię and Imię Nazwisko},
  Publisher                = {Wydawnictwo},
  Year                     = {2017},
  Address                  = {Warszawa},
  ISBN                     = {83-204-3229-9-434}
}

% artykul w czasopismie
@Article{bib:artykul,
  Title                    = {Tytuł artykułu w czasopiśmie},
  Author                   = {Imię Nazwisko and Nazwisko, Imię and Imię Nazwisko},
  Journal                  = {Tytuł czasopisma},
  Year                     = {2016},
  Number                   = {8},
  Pages                    = {1092--1113},
  Volume                   = {157}
}

% artykul konferencyjny
@InProceedings{bib:konferencja,
  Title                    = {Tytuł artykułu konferencyjnego},
  Author                   = {Imię Nazwisko and Nazwisko, Imię and Imię Nazwisko},
  Booktitle                = {Nazwa konferecji},
  Year                     = {2006}, 
  Pages                    = {5346--5349}
}
 
% zrodlo internetowe
@online{bib:internet,
  author                   = {Imię Nazwisko and Nazwisko, Imię},
  title                    = {Tytuł strony internetowej},
  year                     = {2021}, 
  url                      = {http://gdzies/w/internecie/internet.html},
  urldate                  = {2021-09-30}
}

@online{bib:spring,
  author                   = {Imię Nazwisko and Nazwisko, Imię},
  title                    = {Spring Framework},
  year                     = {2024}, 
  url                      = {https://spring.io/},
  urldate                  = {2024-11-20}
}

@online{bib:entityframework,
  author                   = {Imię Nazwisko and Nazwisko, Imię},
  title                    = {Entity Framework documentation hub},
  year                     = {2024}, 
  url                      = {https://learn.microsoft.com/en-us/ef/},
  urldate                  = {2024-11-20}
}

@online{bib:mysql,
  author                   = {Imię Nazwisko and Nazwisko, Imię},
  title                    = {MySQL documentation},
  year                     = {2024}, 
  url                      = {https://dev.mysql.com/doc/},
  urldate                  = {2024-11-20}
}

@online{bib:angularnew,
  author                   = {Imię Nazwisko and Nazwisko, Imię},
  title                    = {Angular},
  year                     = {2024}, 
  url                      = {https://angular.dev/},
  urldate                  = {2024-11-20}
}

@online{bib:angularold,
  author                   = {Imię Nazwisko and Nazwisko, Imię},
  title                    = {Angular v17 documentation},
  year                     = {2024}, 
  url                      = {https://v17.angular.io/docs},
  urldate                  = {2024-11-20}
}

@online{bib:react,
  author                   = {Imię Nazwisko and Nazwisko, Imię},
  title                    = {React},
  year                     = {2024}, 
  url                      = {https://react.dev/},
  urldate                  = {2024-11-20}
}

@online{bib:angularmaterial,
  author                   = {Imię Nazwisko and Nazwisko, Imię},
  title                    = {Angular Material UI component library},
  year                     = {2024}, 
  url                      = {https://material.angular.io/},
  urldate                  = {2024-11-20}
}

@online{bib:material,
  author                   = {Imię Nazwisko and Nazwisko, Imię},
  title                    = {Material Design},
  year                     = {2024}, 
  url                      = {https://m2.material.io/},
  urldate                  = {2024-11-20}
}

@online{bib:luxon,
  author                   = {Imię Nazwisko and Nazwisko, Imię},
  title                    = {Luxon},
  year                     = {2024}, 
  url                      = {https://moment.github.io/luxon/#/},
  urldate                  = {2024-11-21}
}
